@misc{TS33501,
    author="3GPP",
    title="TS 33.501 - Security architecture and procedures for 5G System",
    note="15.2.0",
    month="11",
    year="2018",
}

@misc{TS29573,
    author="3GPP",
    title="TS 29.573 - 5G System; Public Land Mobile Network (PLMN) Interconnection; Stage 3",
    note="15.0.0",
    month="9",
    year="2018",
}

@inproceedings{meier2013tamarin,
  title={The TAMARIN prover for the symbolic analysis of security protocols},
  author={Meier, Simon and Schmidt, Benedikt and Cremers, Cas and Basin, David},
  booktitle={International Conference on Computer Aided Verification},
  pages={696--701},
  year={2013},
  organization={Springer}
}

@article{blanchet2010proverif,
  title={Proverif: Cryptographic protocol verifier in the formal model},
  author={Blanchet, Bruno and Cheval, V and Allamigeon, X and Smyth, B},
  journal={URL http://prosecco. gforge. inria. fr/personal/bblanche/proverif},
  year={2010}
}

@inproceedings{blanchet2007cryptoverif,
  title={CryptoVerif: Computationally sound mechanized prover for cryptographic protocols},
  author={Blanchet, Bruno},
  booktitle={Dagstuhl seminar â€œFormal Protocol Verification Applied},
  volume={117},
  year={2007}
}

@inproceedings{lowe1996breaking,
  title={Breaking and fixing the Needham-Schroeder public-key protocol using FDR},
  author={Lowe, Gavin},
  booktitle={International Workshop on Tools and Algorithms for the Construction and Analysis of Systems},
  pages={147--166},
  year={1996},
  organization={Springer}
}

@inproceedings{cremers2008scyther,
  title={The scyther tool: Verification, falsification, and analysis of security protocols},
  author={Cremers, Cas JF},
  booktitle={International Conference on Computer Aided Verification},
  pages={414--418},
  year={2008},
  organization={Springer}
}

@inproceedings{cremers2017comprehensive,
  title={A comprehensive symbolic analysis of TLS 1.3},
  author={Cremers, Cas and Horvat, Marko and Hoyland, Jonathan and Scott, Sam and van der Merwe, Thyla},
  booktitle={Proceedings of the 2017 ACM SIGSAC Conference on Computer and Communications Security},
  pages={1773--1788},
  year={2017},
  organization={ACM}
}

@inproceedings{cremers2017secure,
  title={Secure authentication in the grid: A formal analysis of DNP3: SAv5},
  author={Cremers, Cas and Dehnel-Wild, Martin and Milner, Kevin},
  booktitle={European Symposium on Research in Computer Security},
  pages={389--407},
  year={2017},
  organization={Springer}
}

@inproceedings{basin2018formal,
  title={A formal analysis of 5g authentication},
  author={Basin, David and Dreier, Jannik and Hirschi, Lucca and Radomirovic, Sa{\v{s}}a and Sasse, Ralf and Stettler, Vincent},
  booktitle={Proceedings of the 2018 ACM SIGSAC Conference on Computer and Communications Security},
  pages={1383--1396},
  year={2018},
  organization={ACM}
}

@inproceedings{blanchet2008computationally,
  title={Computationally sound mechanized proofs for basic and public-key Kerberos},
  author={Blanchet, Bruno and Jaggard, Aaron D and Scedrov, Andre and Tsay, J-K},
  booktitle={Proceedings of the 2008 ACM symposium on Information, computer and communications security},
  pages={87--99},
  year={2008},
  organization={ACM}
}

@inproceedings{kobessi2017automated,
  title={Automated verification for secure messaging protocols and their implementations: A symbolic and computational approach},
  author={Kobessi, Nadim and Bhargavan, Karthikeyan and Blanchet, Bruno},
  booktitle={2nd IEEE European Symposium on Security and Privacy},
  pages={435--450},
  year={2017}
}

@article{cade2013computationally,
  title={From Computationally-Proved Protocol Specifications to Implementations and Application to SSH.},
  author={Cad{\'e}, David and Blanchet, Bruno},
  journal={JoWUA},
  volume={4},
  number={1},
  pages={4--31},
  year={2013}
}

@article{hoare1969axiomatic,
  title={An axiomatic basis for computer programming},
  author={Hoare, Charles Antony Richard},
  journal={Communications of the ACM},
  volume={12},
  number={10},
  pages={576--580},
  year={1969},
  publisher={ACM}
}

@inproceedings{pnueli1977temporal,
  title={The temporal logic of programs},
  author={Pnueli, Amir},
  booktitle={Foundations of Computer Science, 1977., 18th Annual Symposium on},
  pages={46--57},
  year={1977},
  organization={IEEE}
}

@inproceedings{clarke1981design,
  title={Design and synthesis of synchronization skeletons using branching time temporal logic},
  author={Clarke, Edmund M and Emerson, E Allen},
  booktitle={Workshop on Logic of Programs},
  pages={52--71},
  year={1981},
  organization={Springer}
}

@article{dolev1983security,
  title={On the security of public key protocols},
  author={Dolev, Danny and Yao, Andrew},
  journal={IEEE Transactions on information theory},
  volume={29},
  number={2},
  pages={198--208},
  year={1983},
  publisher={IEEE}
}

@incollection{basin2018model,
  title={Model checking security protocols},
  author={Basin, David and Cremers, Cas and Meadows, Catherine},
  booktitle={Handbook of Model Checking},
  pages={727--762},
  year={2018},
  publisher={Springer}
}

@incollection{seshia2018model,
  title={Modeling for Verification},
  author={Seshia, Sanjit A. and Sharygina, Natasha and Tripakis, Stavros},
  booktitle={Handbook of Model Checking},
  pages={75--105},
  year={2018},
  publisher={Springer}
}

@article{needham1978using,
  title={Using encryption for authentication in large networks of computers},
  author={Needham, Roger M and Schroeder, Michael D},
  journal={Communications of the ACM},
  volume={21},
  number={12},
  pages={993--999},
  year={1978},
  publisher={ACM}
}

@misc{JsonPatch,
    author="IETF",
    title="RFC 6902 - JavaScript Object Notation (JSON) Patch",
    month="4",
    year="2013"
}

@misc{JWS,
    author="IETF",
    title="RFC 7515 - JSON Web Signature (JWS)",
    month="5",
    year="2015"
}

@misc{JWE,
    author="IETF",
    title="RFC 7516 - JSON Web Encryption (JWE)",
    month="5",
    year="2015"
}

@inproceedings{holzmann1998designing,
  title={Designing executable abstractions},
  author={Holzmann, Gerard J},
  booktitle={Proceedings of the second workshop on formal methods in software practice},
  pages={103--108},
  year={1998},
  organization={ACM}
}

@inproceedings{peled1993all,
  title={All from one, one for all: on model checking using representatives},
  author={Peled, Doron},
  booktitle={International Conference on Computer Aided Verification},
  pages={409--423},
  year={1993},
  organization={Springer}
}