@misc{ngmn5Gwhite,
    title={5G White Paper},
    author={{NGMN Alliance}},
    year={2015}
}

@inproceedings{sahin2017sok,
    title={Sok: Fraud in telephony networks},
    author={Sahin, Merve and Francillon, Aur{\'e}lien and Gupta, Payas and Ahamad, Mustaque},
    booktitle={2017 IEEE European Symposium on Security and Privacy (EuroS\&P)},
    pages={235--250},
    year={2017},
    organization={IEEE}
}

@techreport{3gpp.33.501,
    author = {3GPP},
    day = {31},
    institution = {{3rd Generation Partnership Project (3GPP)}},
    month = {12},
    note = {Version 16.1.0},
    number = {33.501},
    title = {Security architecture and procedures for 5G System},
    type = {Technical Specification (TS)},
    url = {https://www.3gpp.org/DynaReport/33501.htm},
    year = {2019}
}

@techreport{3gpp.33.210,
    author = {3GPP},
    day = {13},
    institution = {{3rd Generation Partnership Project (3GPP)}},
    month = {06},
    note = {Version 16.2.0},
    number = {33.210},
    title = {3G security; Network Domain Security (NDS); IP network layer security},
    type = {Technical Specification (TS)},
    url = {https://www.3gpp.org/DynaReport/33210.htm},
    year = {2019}
}

@inproceedings{lowe1996breaking,
  title={Breaking and fixing the Needham-Schroeder public-key protocol using FDR},
  author={Lowe, Gavin},
  booktitle={International Workshop on Tools and Algorithms for the Construction and Analysis of Systems},
  pages={147--166},
  year={1996},
  organization={Springer}
}

@article{needham1978using,
  title={Using encryption for authentication in large networks of computers},
  author={Needham, Roger M and Schroeder, Michael D},
  journal={Communications of the ACM},
  volume={21},
  number={12},
  pages={993--999},
  year={1978},
  publisher={ACM}
}

@inproceedings{alur2011formal,
  title={Formal verification of hybrid systems},
  author={Alur, Rajeev},
  booktitle={2011 Proceedings of the Ninth ACM International Conference on Embedded Software (EMSOFT)},
  pages={273--278},
  year={2011},
  organization={IEEE}
}

@inproceedings{meier2013tamarin,
  title={The TAMARIN prover for the symbolic analysis of security protocols},
  author={Meier, Simon and Schmidt, Benedikt and Cremers, Cas and Basin, David},
  booktitle={International Conference on Computer Aided Verification},
  pages={696--701},
  year={2013},
  organization={Springer}
}

@inproceedings{cremers2017comprehensive,
  title={A comprehensive symbolic analysis of TLS 1.3},
  author={Cremers, Cas and Horvat, Marko and Hoyland, Jonathan and Scott, Sam and van der Merwe, Thyla},
  booktitle={Proceedings of the 2017 ACM SIGSAC Conference on Computer and Communications Security},
  pages={1773--1788},
  year={2017}
}

@phdthesis{horvat2015formal,
  title={Formal analysis of modern security protocols in current standards},
  author={Horvat, Marko},
  year={2015},
  school={University of Oxford}
}

@phdthesis{van2018analysis,
  title={An Analysis of the Transport Layer Security Protocol},
  author={van der Merwe, Thyla},
  year={2018},
  school={Royal Holloway, University of London}
}

@inproceedings{mcgrew2004security,
  title={The security and performance of the Galois/Counter Mode (GCM) of operation},
  author={McGrew, David A and Viega, John},
  booktitle={International Conference on Cryptology in India},
  pages={343--355},
  year={2004},
  organization={Springer}
}

@inproceedings{fersch2016provable,
  title={On the provable security of (EC) DSA signatures},
  author={Fersch, Manuel and Kiltz, Eike and Poettering, Bertram},
  booktitle={Proceedings of the 2016 ACM SIGSAC Conference on Computer and Communications Security},
  pages={1651--1662},
  year={2016}
}

@inproceedings{clarke1981design,
  title={Design and synthesis of synchronization skeletons using branching time temporal logic},
  author={Clarke, Edmund M and Emerson, E Allen},
  booktitle={Workshop on Logic of Programs},
  pages={52--71},
  year={1981},
  organization={Springer}
}

@article{dolev1983security,
  title={On the security of public key protocols},
  author={Dolev, Danny and Yao, Andrew},
  journal={IEEE Transactions on information theory},
  volume={29},
  number={2},
  pages={198--208},
  year={1983},
  publisher={IEEE}
}

@incollection{basin2018model,
  title={Model checking security protocols},
  author={Basin, David and Cremers, Cas and Meadows, Catherine},
  booktitle={Handbook of Model Checking},
  pages={727--762},
  year={2018},
  publisher={Springer}
}

@article{lanzenberger2017formal,
  title={Formal Analysis of 5G Protocols},
  author={Lanzenberger, David},
  year={2017}
}

@incollection{emerson1990temporal,
  title={Temporal and modal logic},
  author={Emerson, E Allen},
  booktitle={Formal Models and Semantics},
  pages={995--1072},
  year={1990},
  publisher={Elsevier}
}

