@online{cryptoverif,
  author = {Bruno Blanchet},
  title = {CryptoVerif: Cryptographic protocol verifier in the computational model},
  url = {https://prosecco.gforge.inria.fr/personal/bblanche/cryptoverif/},
  urldate = {2020-01-26}
}

@online{proverif,
  author = {Bruno Blanchet},
  title = {ProVerif: Cryptographic protocol verifier in the formal model},
  url = {https://prosecco.gforge.inria.fr/personal/bblanche/proverif/},
  urldate = {2020-01-26}
}

@online{tamarin,
  author = {Cas Cremers, Jannik Dreier, Ralf Sasse},
  title = {Tamarin Prover},
  url = {https://tamarin-prover.github.io/},
  urldate = {2020-01-26}
}

@online{scyther,
  author = {Cas Cremers},
  title = {The Scyther Tool},
  url = {https://people.cispa.io/cas.cremers/scyther/},
  urldate = {2020-01-26}
}
